<?xml version="1.0" encoding="UTF-8"?><collection xmlns="http://www.loc.gov/MARC21/slim"><record><leader>00676nam--2200193-i-4500</leader><controlfield tag="001">000024509</controlfield><controlfield tag="002">20161230</controlfield><controlfield tag="005">20161230201035</controlfield><controlfield tag="008">060222s1000------------r-----000-0-eng-d</controlfield><datafield ind1=" " ind2=" " tag="020"><subfield code="a">9200100856</subfield></datafield><datafield ind1=" " ind2=" " tag="040"><subfield code="a">IFN-HH</subfield></datafield><datafield ind1=" " ind2=" " tag="080"><subfield code="a">539.12.08(061.3)</subfield></datafield><datafield ind1="1" ind2=" " tag="110"><subfield code="a">International Atomic Energy Agency</subfield></datafield><datafield ind1="1" ind2="0" tag="245"><subfield code="a">High-dose dosimetry</subfield><subfield code="b">Proceedings of an international symposium on high-dose dosimetry organized by the international atomic energy agency and held in vienna, 8-12 october 1984</subfield></datafield><datafield ind1=" " ind2=" " tag="260"><subfield code="a">Vienna</subfield><subfield code="b">International Atomic Energy Agency</subfield><subfield code="c">1985</subfield></datafield><datafield ind1=" " ind2=" " tag="300"><subfield code="a">449 P</subfield></datafield><datafield ind1=" " ind2=" " tag="490"><subfield code="a">Proceedings Series</subfield></datafield><datafield ind1=" " ind2=" " tag="852"><subfield code="a">72215</subfield><subfield code="c">539.1.07:539.1.08</subfield></datafield><datafield ind1=" " ind2=" " tag="CAT"><subfield code="a">Sys</subfield><subfield code="c">20111031</subfield><subfield code="h">123827</subfield></datafield></record></collection>